@misc{deshpande2016devops,
  title={DevOps: an Extension of Agile Methodology – How It will Impact QA?},
  author={Deshpande, A.},
  year={2016},
  howpublished={\url{http://www.softwaretestinghelp.com/devops-and-software-testing/}}
}

@misc{versionone2015,
  title={VersionOne Named a Leader in Gartner Magic Quadrant for Application Development Lifecycle Management},
  author={VersionOne},
  year={2015},
  howpublished={\url{https://www.versionone.com/about/pressreleases/versionone-named-a-leader-ingartner-magic-quadrant-for-applicationdevelopment-lifecycle-management/}}
}

@misc{kim2013phoenix,
  title={The Phoenix Project: A Novel about IT, DevOps, and Helping Your Business Win},
  author={Kim, G. and Behr, K. and Spafford, G.},
  year={2013}
}

@book{kim2016devops-handbook,
  title={DevOps Handbook: How to Create World-Class Agility, Reliability, \& Security in Technology Organizations},
  author={Kim, G. and Humble, J. and Debois, P. and Willis, J.},
  year={2016}
}

@book{humble2010continuous-delivery,
  title={Continuous Delivery: Reliable Software Releases through Build, Test, and Deployment Automation},
  author={Humble, J. and Farley, D.},
  year={2010}
}

@misc{agilemanifesto2001,
  title={Manifiesto para el Desarrollo Ágil de Software},
  author={Equipo de Autores del Manifiesto Ágil},
  year={2001},
  howpublished={\url{https://agilemanifesto.org/}}
}

@misc{it-revolution-press,
  title={The Three Ways: The Principles Underpinning DevOps},
  howpublished={IT Revolution Press blog},
  year={2024},
  note={Accedido el 12 de mayo de 2024},
  url={http://itrevolution.com/the-three-ways-principles-underpinning-devops/}
}

@misc{sulak2018three-ways,
  title={The Three Ways of DevOps},
  author={Šulák, V.},
  year={2018},
  howpublished={\url{https://medium.com/touch4it/the-three-ways-of-devops-b90abe6168ac}}
}

@misc{atlassian-n.d.,
  title={Continuous Delivery},
  organization={Atlassian},
  howpublished={\url{https://www.atlassian.com/continuous-delivery}}
}

@book{vanmerode2023continuous,
  title={Continuous Integration (CI) and Continuous Delivery (CD): A Practical Guide to Designing and Developing Pipelines},
  author={Van Merode, H.},
  year={2023},
  publisher={Apress}
}

@misc{pittet-n.d.,
  title={How to setup continuous integration},
  author={Pittet, S.},
  howpublished={\url{https://www.atlassian.com/continuous-delivery/continuous-integration/how-to-get-to-continuous-integration}}
}

@online{nithin2023devops-tools,
  title={DevOps Tools for 2024},
  author={Nithin G.},
  year={2023},
  month={8},
  day={20},
  url={https://nithinguruswamy.medium.com/devops-tools-for-2024-40112e1e657c}
}

@article{gardini2023devops-team-roles,
  title={6 Essential DevOps Team Roles for Growing SaaS Companies},
  author={Gardini Miguel, P.},
  year={2023},
  month={5},
  day={10},
  journal={The CTO Club},
  url={https://thectoclub.com/news/devops-team/}
}

@article{coupland2022cultural-changes,
  title={Five Cultural Changes Needed for DevOps Success},
  author={Coupland, M.},
  year={2022},
  month={6},
  day={29},
  journal={Transparity},
  url={https://www.mckinsey.com/capabilities/mckinsey-digital/our-insights/digital-blog/five-cultural-changes-you-need-for-devops-to-work}
}

@misc{clouddefense.ai2023ci-cd-pipeline,
  title={How to Implement an Effective CI/CD Pipeline},
  author={Cloud Defense.AI},
  year={2023},
  month={9},
  day={14},
  howpublished={\url{https://www.clouddefense.ai/how-to-implement-effective-ci-cd-pipeline/}}
}

@Comment{jabref-meta: databaseType:bibtex;}

@Comment{jabref-entrytype: online: req[url;urldate;title;author;date] opt[journal]}
